<record><leader>00000cas a2200000 a 4500</leader><controlfield tag="001">17198867</controlfield><controlfield tag="008">871207d18901894iauwr ne      0    0eng c</controlfield><datafield ind1=" " ind2=" " tag="010"><subfield code="a">sn 87057861 </subfield></datafield><datafield ind1=" " ind2=" " tag="040"><subfield code="a">INP</subfield><subfield code="b">eng</subfield><subfield code="c">INP</subfield><subfield code="d">CVF</subfield><subfield code="d">OCLCQ</subfield><subfield code="d">OCLCF</subfield><subfield code="d">OCLCO</subfield></datafield><datafield ind1=" " ind2=" " tag="042"><subfield code="a">pcc</subfield></datafield><datafield ind1=" " ind2=" " tag="043"><subfield code="a">n-us-ia</subfield></datafield><datafield ind1="0" ind2="0" tag="245"><subfield code="a">Monona County Democrat.</subfield></datafield><datafield ind1=" " ind2=" " tag="260"><subfield code="a">Onawa, Monona County, Iowa :</subfield><subfield code="b">W.H. Wonder,</subfield><subfield code="c">1890-1894.</subfield></datafield><datafield ind1=" " ind2=" " tag="300"><subfield code="a">5 v.</subfield></datafield><datafield ind1=" " ind2=" " tag="310"><subfield code="a">Weekly</subfield></datafield><datafield ind1="0" ind2=" " tag="362"><subfield code="a">Vol. 1, no. 1 (Feb. 6, 1890)-v. 5, no. 35 (Sept. 27, 1894).</subfield></datafield><datafield ind1=" " ind2="0" tag="651"><subfield code="a">Onawa (Iowa)</subfield><subfield code="v">Newspapers.</subfield></datafield><datafield ind1=" " ind2="7" tag="655"><subfield code="a">Newspapers.</subfield><subfield code="2">fast</subfield><subfield code="0">(OCoLC)fst01423814</subfield></datafield><datafield ind1=" " ind2="7" tag="651"><subfield code="a">Iowa</subfield><subfield code="z">Onawa.</subfield><subfield code="2">fast</subfield><subfield code="0">(OCoLC)fst01230735</subfield></datafield><datafield ind1=" " ind2=" " tag="752"><subfield code="a">United States</subfield><subfield code="b">Iowa</subfield><subfield code="c">Monona</subfield><subfield code="d">Onawa.</subfield></datafield><datafield ind1="0" ind2="0" tag="785"><subfield code="t">Onawa weekly Democrat (Onawa, Iowa : 1894)</subfield><subfield code="w">(DLC)sn 87057862</subfield></datafield></record>